% Encoding: UTF-8

@Article{Meyer2016,
  author  = {Meyer, David},
  journal = {Uoregon. Edu, Brocade. Com},
  title   = {How exactly does word2vec work?},
  year    = {2016},
  pages   = {1--18},
}

@Article{Jain2020,
  author  = {Jain, Yuvraj; Tirth, Vineet},
  journal = {International Journal of Computational Intelligence Research},
  title   = {Sentiment Analysis of Tweets and Texts Using Python on Stocks and COVID-19},
  year    = {2020},
  number  = {2},
  pages   = {87--104},
  volume  = {16},
}

@Article{Siregar2019,
  author = {Siregar, Amril Mutoi and Faisal, Sutan and Tukino, Adam Puspabhuana and Simarangkir, Manase Sahat H},
  title  = {Comparison Study Of Term Weighting Optimally With SVM In Sentiment Analysis},
  year   = {2019},
}

@PhdThesis{Basarkar2017,
  author    = {Ankit Basarkar},
  school    = {San Jose State University},
  title     = {Document classification using machine learning},
  year      = {2017},
  doi       = {10.31979/etd.6jmu-9xdt},
  publisher = {San Jose State University Library},
  url       = {https://doi.org/10.31979/etd.6jmu-9xdt},
}

@Article{Shahmirzadi2018,
  author        = {Omid Shahmirzadi and Adam Lugowski and Kenneth Younge},
  journal       = {CoRR},
  title         = {Text Similarity in Vector Space Models: A Comparative Study},
  year          = {2018},
  volume        = {abs/1810.00664},
  archiveprefix = {arXiv},
  bibsource     = {dblp computer science bibliography, https://dblp.org},
  biburl        = {https://dblp.org/rec/journals/corr/abs-1810-00664.bib},
  eprint        = {1810.00664},
  timestamp     = {Tue, 30 Oct 2018 10:49:09 +0100},
  url           = {http://arxiv.org/abs/1810.00664},
}

@Article{Madhulatha2012,
  author        = {T. Soni Madhulatha},
  journal       = {CoRR},
  title         = {An Overview on Clustering Methods},
  year          = {2012},
  volume        = {abs/1205.1117},
  archiveprefix = {arXiv},
  bibsource     = {dblp computer science bibliography, https://dblp.org},
  biburl        = {https://dblp.org/rec/journals/corr/abs-1205-1117.bib},
  eprint        = {1205.1117},
  timestamp     = {Mon, 13 Aug 2018 16:46:35 +0200},
  url           = {http://arxiv.org/abs/1205.1117},
}

@Article{Elmahdy2013,
  author   = {Emad E. Elmahdy, Abdallah W. Aboutahoun},
  journal  = {Applied Mathematical Modelling},
  title    = {A new approach for parameter estimation of finite Weibull mixture distributions for reliability modeling},
  year     = {2013},
  issn     = {0307-904X},
  number   = {4},
  pages    = {1800-1810},
  volume   = {37},
  abstract = {The aim of this paper is to model lifetime data for systems that have failure modes by using the finite mixture of Weibull distributions. It involves estimating of the unknown parameters which is an important task in statistics, especially in life testing and reliability analysis. The proposed approach depends on different methods that will be used to develop the estimates such as MLE through the EM algorithm. In addition, Bayesian estimations will be investigated and some other extensions such as Graphic, Non-Linear Median Rank Regression and Monte Carlo simulation methods can be used to model the system under consideration. A numerical application will be used through the proposed approach. This paper also presents a comparison of the fitted probability density functions, reliability functions and hazard functions of the 3-parameter Weibull and Weibull mixture distributions using the proposed approach and other conventional methods which characterize the distribution of failure times for the system components. GOF is used to determine the best distribution for modeling lifetime data, the priority will be for the proposed approach which has more accurate parameter estimates.},
  doi      = {https://doi.org/10.1016/j.apm.2012.04.023},
  keywords = {Weibull model, Mixture model, Maximum likelihood estimation (MLE) method, Expectation and maximization (EM) algorithm, Goodness of fit tests (GOF)},
  url      = {https://www.sciencedirect.com/science/article/pii/S0307904X12002545},
}

@Article{Sasirekha2013,
  author    = {Sasirekha, K and Baby, P},
  journal   = {International Journal of Scientific and Research Publications},
  title     = {Agglomerative hierarchical clustering algorithm-a},
  year      = {2013},
  pages     = {83},
  volume    = {83},
  publisher = {Citeseer},
}

@Article{Sharma2013,
  author  = {Sharma, Priyanka and Kaur, Manavjeet},
  journal = {International Journal of Advanced Research in Computer Science and Software Engineering},
  title   = {Classification in pattern recognition: A review},
  year    = {2013},
  number  = {4},
  volume  = {3},
}

@Article{Zdimalova2021,
  author    = {{\v{Z}}d{\'\i}malov{\'a}, M{\'a}ria and Komnenov, Mirjana},
  journal   = {Faces of Geometry},
  title     = {Transposition of Biomimetical Principles into Generative Design: Example of the Species Campanula patula L},
  year      = {2021},
  pages     = {139},
  volume    = {172},
  publisher = {Springer Nature},
}

@Article{Chase2018,
  author = {Chase, Jack},
  title  = {LEED Certification Prediction with K-Means Clustering Algorithm},
  year   = {2018},
}

@Article{Weisstein2002,
  author    = {Weisstein, Eric W},
  journal   = {https://mathworld. wolfram. com/},
  title     = {Vector Norm},
  year      = {2002},
  publisher = {Wolfram Research, Inc.},
}

@Article{Mohamad2013,
  author  = {Mohamad, Ismail Bin and Usman, Dauda},
  journal = {Research Journal of Applied Sciences, Engineering and Technology},
  title   = {Standardization and its effects on K-means clustering algorithm},
  year    = {2013},
  number  = {17},
  pages   = {3299--3303},
  volume  = {6},
}

@Article{Kriegel2016,
  author    = {Hans-Peter Kriegel and Erich Schubert and Arthur Zimek},
  title     = {The (black) art of runtime evaluation: Are we comparing algorithms or implementations?},
  year      = {2016},
  month     = oct,
  number    = {2},
  pages     = {341--378},
  volume    = {52},
  doi       = {10.1007/s10115-016-1004-2},
  publisher = {Springer Science and Business Media {LLC}},
  url       = {https://doi.org/10.1007/s10115-016-1004-2},
}

@Book{Weiss2006,
  author    = {Weiss, N. A.},
  publisher = {Pearson Addison Wesley},
  title     = {A course in probability},
  year      = {2006},
  address   = {Boston},
  isbn      = {9780201774719},
}

@Article{Ekaterina2019,
  author  = {Ekaterina, Mangalova and Olesya, Chubarova and Daniil, Melekh and Anton, Stroev},
  journal = {Applied Methods of Statistical Analysis},
  title   = {Acute pancreatitis severity classifcation: accuracy, robustness, visualization},
  year    = {2019},
}

@Article{Fouad2020,
  author    = {Fouad, Islam A and Labib, Fatma El-Zahraa M and Mabrouk, Mai S and Sharawy, Amr A and Sayed, Ahmed Y},
  journal   = {Network Modeling Analysis in Health Informatics and Bioinformatics},
  title     = {Improving the performance of P300 BCI system using different methods},
  year      = {2020},
  number    = {1},
  pages     = {1--13},
  volume    = {9},
  publisher = {Springer},
}

@Book{Dhinu2021,
  author    = {Dhinu, MR},
  publisher = {Friends Publications (India)},
  title     = {Applied Statistics in Physical Education and Sports},
  year      = {2021},
}

@InProceedings{Nelson2010,
  author    = {Nelson, Jelani and Woodruff, David P},
  booktitle = {Proceedings of the twenty-ninth ACM SIGMOD-SIGACT-SIGART symposium on Principles of database systems},
  title     = {Fast manhattan sketches in data streams},
  year      = {2010},
  pages     = {99--110},
}

@Article{Razno2019,
  author    = {Razno, Maria},
  journal   = {Computational Linguistics and Intelligent Systems},
  title     = {Machine learning text classification model with NLP approach},
  year      = {2019},
  pages     = {71--73},
  volume    = {2},
  publisher = {Lviv Politechnic Publishing House},
}

@Book{Chopra2007,
  author    = {Chopra, Anil K},
  publisher = {Pearson Education India},
  title     = {Dynamics of structures},
  year      = {2007},
}

@Article{Bandi2013,
  author  = {Bandi, Sudheer Reddy and Varadharajan, A and Chinnasamy, A},
  journal = {International Journal of Engineering Science and Technology},
  title   = {Performance evaluation of various statistical classifiers in detecting the diseased citrus leaves},
  year    = {2013},
  number  = {2},
  pages   = {298--307},
  volume  = {5},
}

@PhdThesis{Gupta2010,
  author = {Gupta, Neha, others},
  school = {Massachusetts Institute of Technology},
  title  = {Learning to reformulate long queries},
  year   = {2010},
}

@Article{Gupta2013,
  author    = {Gupta, Vishal; Lehal, Gurpreet Singh},
  journal   = {Journal of Emerging Technologies in Web Intelligence},
  title     = {A survey of common stemming techniques and existing stemmers for indian languages},
  year      = {2013},
  number    = {2},
  pages     = {157--161},
  volume    = {5},
  publisher = {Academy Publisher, PO Box 40 Oulu 90571 Finland},
}

@InCollection{Gressling2020,
  author    = {Gressling, Thorsten},
  booktitle = {Data Science in Chemistry},
  publisher = {De Gruyter},
  title     = {19 Jupyter and Spark},
  year      = {2020},
  pages     = {96--101},
}

@InCollection{Vermeulen2018,
  author    = {Vermeulen, Andreas Fran{\c{c}}ois},
  booktitle = {Practical Data Science},
  publisher = {Springer},
  title     = {Data science technology stack},
  year      = {2018},
  pages     = {1--13},
}

@Article{Kannan2014,
  author  = {Kannan, Subbu and Gurusamy, Vairaprakash and Vijayarani, S and Ilamathi, J and Nithya, M and Kannan, S and Gurusamy, V},
  journal = {International Journal of Computer Science \& Communication Networks},
  title   = {Preprocessing techniques for text mining},
  year    = {2014},
  number  = {1},
  pages   = {7--16},
  volume  = {5},
}

@InProceedings{Senanayake2019,
  author       = {Senanayake, Shashini Y and Kariyawasam, KTPM and Haddela, Prasanna S},
  booktitle    = {2019 National Information Technology Conference (NITC)},
  title        = {Enhanced Tokenizer for Sinhala Language},
  year         = {2019},
  organization = {IEEE},
  pages        = {84--89},
}

@Article{Raulji2016,
  author    = {Raulji, Jaideepsinh K and Saini, Jatinderkumar R},
  journal   = {International Journal of Computer Applications},
  title     = {Stop-word removal algorithm and its implementation for Sanskrit language},
  year      = {2016},
  number    = {2},
  pages     = {15--17},
  volume    = {150},
  publisher = {Foundation of Computer Science},
}

@Article{Deokar2021,
  author  = {Deokar, Ashok},
  journal = {Turkish Journal of Computer and Mathematics Education (TURCOMAT)},
  title   = {Big Data Analytics and Internet of Things (IoT): A Review},
  year    = {2021},
  number  = {12},
  pages   = {3507--3510},
  volume  = {12},
}

@Article{Broder1997,
  author    = {Andrei Z. Broder and Steven C. Glassman and Mark S. Manasse and Geoffrey Zweig},
  title     = {Syntactic clustering of the Web},
  year      = {1997},
  month     = sep,
  number    = {8-13},
  pages     = {1157--1166},
  volume    = {29},
  doi       = {10.1016/s0169-7552(97)00031-7},
  publisher = {Elsevier {BV}},
  url       = {https://doi.org/10.1016/s0169-7552(97)00031-7},
}
@Book{Pelayo2001,
  title     = {Lenguaje y comunicaci{\'o}n: conceptos b{\'a}sicos, aspectos te{\'o}ricos generales, caracter{\'\i}sticas, estructura, naturaleza y funciones del lenguaje y la comunicaci{\'o}n},
  publisher = {Los Libros de el Nacional},
  year      = {2001},
  author    = {Pelayo, N. and Cabrera, A.},
  series    = {Colecci{\'o}n Minerva},
  isbn      = {9789806423916},
  lccn      = {2002504712},
  url       = {https://books.google.com.mx/books?id=5rqRZJjSZQsC},
}@Book{Toral2003,
  title     = {Teor{\'\i}a de la argumentaci{\'o}n jur{\'\i}dica},
  publisher = {Plaza y Vald{\'e}s},
  year      = {2003},
  author    = {Toral, G.R.},
  series    = {Pol{\'\i}tica Series},
  isbn      = {9789707221581},
  url       = {https://books.google.com.mx/books?id=5JTxLjRCkYYC},
}@Book{Albi2000,
  title     = {El texto jur{\'\i}dico ingl{\'e}s y su traducci{\'o}n al espa{\~n}ol},
  publisher = {Ariel},
  year      = {2000},
  author    = {Albi, A.B.},
  series    = {Ariel Letras},
  isbn      = {9788434481152},
  url       = {https://books.google.com.mx/books?id=0pQjiox64loC},
}@Book{Eisenstein2019,
  title     = {Introduction to natural language processing},
  publisher = {MIT press},
  year      = {2019},
  author    = {Eisenstein, Jacob},
}@Book{Saeed2011,
  title     = {Semantics},
  publisher = {Wiley},
  year      = {2011},
  author    = {Saeed, J.I.},
  series    = {Introducing Linguistics},
  isbn      = {9781444358759},
  url       = {https://books.google.com.mx/books?id=Wq\_uJzzhJYwC},
}@Book{Sombattheera2013,
  title     = {Multi-disciplinary Trends in Artificial Intelligence: 6th International Workshop, MIWAI 2012, Ho Chin Minh City, Vietnam, December 26-28, 2012, Proceedings},
  publisher = {Springer Berlin Heidelberg},
  year      = {2013},
  author    = {Sombattheera, C. and Nguyen, K.L. and Wankar, R. and Quan, T.},
  series    = {Lecture Notes in Computer Science},
  isbn      = {9783642354557},
  url       = {https://books.google.com.mx/books?id=BI25BQAAQBAJ},
}@Book{Butz2011,
  title     = {Advances in Artificial Intelligence: 24th Canadian Conference on Artificial Intelligence, Canadian AI 2011, St. John's, Canada, May 25-27, 2011, Proceedings},
  publisher = {Springer Berlin Heidelberg},
  year      = {2011},
  author    = {Butz, C. and Lingras, P.},
  series    = {Lecture Notes in Computer Science},
  isbn      = {9783642210433},
  lccn      = {2011926783},
  url       = {https://books.google.com.mx/books?id=pOoLBwAAQBAJ},
}@Book{Baron2009,
  title     = {El procedimiento de responsabilidades administrativas de los servidores p{\'u}blicos},
  publisher = {Angel Editor},
  year      = {2009},
  author    = {Bar{\'o}n, Mario Ismael Amaya},
}
@Article{Siddique2021,
  author    = {Siddique, Sarkar and Chow, James CL},
  journal   = {Encyclopedia},
  title     = {Machine learning in healthcare communication},
  year      = {2021},
  number    = {1},
  pages     = {220--239},
  volume    = {1},
  publisher = {Multidisciplinary Digital Publishing Institute},
}

@Book{Lehnert2014,
  author    = {Lehnert, Wendy G and Ringle, Martin H},
  publisher = {Psychology Press},
  title     = {Strategies for natural language processing},
  year      = {2014},
}

@Book{Halliday2003,
  author    = {Halliday, M. A. K.},
  publisher = {Continuum},
  title     = {On language and linguistics},
  year      = {2003},
  address   = {New York},
  isbn      = {978-0-8264-8824-4},
}

@Book{Akmajian2010,
  author    = {Akmajian, Adrian},
  publisher = {MIT Press},
  title     = {Linguistics : an introduction to language and communication},
  year      = {2010},
  address   = {Cambridge, Mass},
  isbn      = {978-0-262-51370-8},
}

@Book{Lyons1991,
  author    = {Lyons, John},
  publisher = {Cambridge University Press},
  title     = {Natural language and universal grammar},
  year      = {1991},
  address   = {Cambridge England New York},
  isbn      = {978-0521246965},
}

@Article{Somma2006,
  author    = {Somma, Alessandro},
  journal   = {{Bolet\~A\-n mexicano de derecho comparado}},
  title     = {{Tanto per cambiare... mutazione del diritto e mondializzazione nella riflessione comparatistica}},
  year      = {2006},
  issn      = {0041-8633},
  month     = {08},
  pages     = {535 - 569},
  volume    = {39},
  language  = {it},
  publisher = {scielomx},
  url       = {http://www.scielo.org.mx/scielo.php?script=sci_arttext&pid=S0041-86332006000200009&nrm=iso},
}

@Book{Velazco2016,
  author    = {Velazco, R.E.S. and Parisi, F.},
  publisher = {Fontana},
  title     = {An{\'a}lisis econ{\'o}mico y comparado del derecho privado: una introducci{\'o}n},
  year      = {2016},
  isbn      = {9786124733604},
  series    = {Biblioteca de derecho y econom{\'\i}a},
  url       = {https://books.google.com.mx/books?id=vD2WtAEACAAJ},
}

@Electronic{Rossum2001,
  author       = {Guido van Rossum, Barry Warsaw, Nick Coghlan},
  howpublished = {online},
  language     = {english},
  month        = jul,
  organization = {python.org},
  title        = {Style Guide for Python Code},
  url          = {\url{https://www.python.org/dev/peps/pep-0008}},
  year         = {2001},
}

@Article{Louis2020a,
  author  = {Antoine Louis},
  journal = {medium.com},
  title   = {A Brief History of Natural Language Processing — Part 2},
  year    = {2020},
  note    = {\url{https://medium.com/@antoine.louis/a-brief-history-of-natural-language-processing-part-1-ffbcb937ebce}},
}
@Article{Manevitz2007,
  author = {Manevitz, Larry and Hazan, Hananel},
  title  = {History-Dependent Neurons and Identification of Temporal Sequences},
  year   = {2007},
  month  = {05},
}@Book{Kumar2011,
  title     = {Natural language processing},
  publisher = {IK International Pvt Ltd},
  year      = {2011},
  author    = {Kumar, Ela},
}@Article{Nizami2015,
  author    = {Nizami, Lance},
  title     = {Homunculus strides again: why “information transmitted” in neuroscience tells us nothing},
  journal   = {Kybernetes},
  year      = {2015},
  volume    = {44},
  pages     = {1358-1370},
  month     = {09},
  doi       = {10.1108/K-10-2014-0204},
  publisher = {Emerald Group Publishing Limited},
}@Article{UMBC2004,
  author  = {UMBC},
  title   = {Principles of Programming Languages},
  journal = {Department of Computer Science and Electrical Engineering},
  year    = {2004},
  note    = {UNIVERSITY OF MARYLAND, BALTIMORE COUNTY 331 notes},
}@Article{Khanna2020,
  author = {Ashok Khanna},
  title  = {Common Lisp — Enter the Matrix},
  year   = {2020},
  month  = dec,
  note   = {\url{https://ashokkhanna-530.medium.com/common-lisp-entering-the-matrix-9f4d90145a50}},
}@InProceedings{Schank1969,
  author    = {Schank, Roger C and Tesler, Larry},
  title     = {A conceptual dependency parser for natural language},
  booktitle = {INTERNATIONAL CONFERENCE ON COMPUTATIONAL LINGUISTICS COLING 1969: Preprint No. 2},
  year      = {1969},
}@Article{Schubert2020,
  author = {Schubert, Lenhart and Lenhart, and Morbini, Fabrizio},
  title  = {Conscious Agents},
  year   = {2020},
  month  = {12},
}
@Article{Woods1970,
  author    = {Woods, William A},
  title     = {Transition network grammars for natural language analysis},
  journal   = {Communications of the ACM},
  year      = {1970},
  volume    = {13},
  number    = {10},
  pages     = {591--606},
  publisher = {ACM New York, NY, USA},
}
@Misc{BrainKart.com2018,
  author       = {BrainKart.com},
  title        = {Types of Transition Network},
  howpublished = {online},
  year         = {2018},
  note         = {\url{http://www.brainkart.com/article/Types-of-Transition-Network_8912/}},
}@Book{umessantilal2020,
  title     = {Natural Language Processing: NLP \& its History},
  publisher = {Independently published},
  year      = {2020},
  author    = {umes santilal},
}@Article{Louis2020,
  author  = {Antoine Louis},
  title   = {A Brief History of Natural Language Processing — Part 1},
  journal = {medium.com},
  year    = {2020},
  note    = {\url{https://medium.com/@antoine.louis/a-brief-history-of-natural-language-processing-part-1-ffbcb937ebce}},
}

@Article{Kumatongo2021,
  author  = {Kumatongo, Brighton and Muzata, Kenneth Kapalu},
  journal = {Journal of Lexicography and Terminology (Online ISSN 2664-0899. Print ISSN 2517-9306).},
  title   = {Research Paradigms and Designs with their Application in Education},
  year    = {2021},
  number  = {1},
  pages   = {16--32},
  volume  = {5},
}

@Book{Bryman2012,
  author    = {Bryman, Alan},
  publisher = {Oxford University Press},
  title     = {Social research methods},
  year      = {2012},
  address   = {Oxford New York},
  isbn      = {978-0-19-958805-3},
}

@Article{Wang2020,
  author    = {Wang, Xiaofeng and Cheng, Zhenshun},
  journal   = {Chest},
  title     = {Cross-sectional studies: strengths, weaknesses, and recommendations},
  year      = {2020},
  number    = {1},
  pages     = {S65--S71},
  volume    = {158},
  publisher = {Elsevier},
}

@Book{MedellinLuque2014,
  author    = {Medellín Luque, A., Sánchez Cruz, A., López Pérez, B., Castañeda Ponce, D., Sánchez Velázquez, F., Ortiz Valdez, L. y Acosta Victoria, M},
  editor    = {Juan N. Silva Meza},
  publisher = {Suprema Corte de Justicia de la Nación},
  title     = {Tesauro Jurídico de la Suprema Corte de Justicia de la Nación.Vocabulario Controlado y Estructurado.},
  year      = {2014},
  address   = {Av. José María Pino Suárez Núm. 2,Colonia Centro, Delegación Cuauhtémoc,C.P. 06065, México, D.F.},
  edition   = {1},
  isbn      = {978-607-468-758-3},
  month     = nov,
  note      = {\url{https://www.sitios.scjn.gob.mx/centrodedocumentacion/sites/default/files/tesauro_juridico_scjn/pdfs/00.%20Tesauro%20Juridico%20de%20la%20SCJN.pdf}},
  issn      = {9786074687583},
  journal   = {Cuauhtémoc, Mexico: Suprema Corte de Justicia de la Nación},
}

@Article{Cambria2014,
  author    = {Cambria, Erik, White, Bebo},
  journal   = {IEEE Computational intelligence magazine},
  title     = {Jumping NLP curves: A review of natural language processing research},
  year      = {2014},
  number    = {2},
  pages     = {48--57},
  volume    = {9},
  publisher = {IEEE},
}

@Book{CPEUM2020,
  author    = {CPEUM},
  editor    = {Wohnrecht,},
  publisher = {Editora Wohnrecht},
  title     = {Constitución Política de los Estados Unidos Mexicanos: 2020},
  year      = {2020},
  isbn      = {9798610244563},
  url       = {https://books.google.com.mx/books?id=MMVhzQEACAAJ},
}

@Electronic{Parlamentarios2020,
  author       = {Servicios Parlamentarios},
  howpublished = {sitio web},
  month        = oct,
  note         = {\url{http://www.diputados.gob.mx/LeyesBiblio/index.htm}},
  organization = {Cámara de diputados},
  title        = {LEYES FEDERALES VIGENTES},
  year         = {2020},
}
@InProceedings{Aletras2020,
  author    = {Nikolaos Aletras and Ion Androutsopoulos and Leslie Barrett and Adam Meyers and Daniel Preoţiuc-Pietro},
  title     = {Introduction to the NLLP 2020 Workshop},
  year      = {2020},
  volume    = {2645},
  month     = aug,
  publisher = {CEUR-WS},
  note      = {\url{http://ceur-ws.org/Vol-2645/preface.pdf}},
}
@Article{,
}

@Article{Romero-Perez2014,
  author  = {Romero-Pérez, Jorge Enrique},
  journal = {Revista de Ciencias Jurídicas},
  title   = {Notas sobre la interpretación jurídica},
  year    = {2014},
  number  = {133},
}

@InProceedings{Yao2019,
  author    = {Yao, Liang and Mao, Chengsheng and Luo, Yuan},
  booktitle = {Proceedings of the AAAI conference on artificial intelligence},
  title     = {Graph convolutional networks for text classification},
  year      = {2019},
  number    = {01},
  pages     = {7370--7377},
  volume    = {33},
}
@Article{GUERRA2016,
  author  = {JORGE ALONSO GUERRA},
  title   = {¿Por qué en México no respetamos la ley?},
  journal = {Milenio},
  year    = {2016},
  note    = {https://www.milenio.com/opinion/jorge-alonso-guerra/todoterreno/por-que-en-mexico-no-respetamos-la-ley},
}@Article{CAMACHO2020,
  author       = {ZÓSIMO CAMACHO},
  title        = {741 reformas a 136 artículos: una Constitución rebasada},
  journal      = {contralinea.com.mx},
  year         = {2020},
  month        = feb,
  note         = {\url{https://www.contralinea.com.mx/archivo-revista/2020/02/03/741-reformas-a-136-articulos-una-constitucion-rebasada/}},
  organization = {contralinea.com.mx},
  url          = {https://www.contralinea.com.mx/archivo-revista/2020/02/03/741-reformas-a-136-articulos-una-constitucion-rebasada/},
}@Article{Fix-Fierro2017,
  author  = {Fix-Fierro, H{\'e}ctor},
  title   = {Por qu{\'e} se reforma tanto la Constituci{\'o}n Mexicana de 1917? Hacia la renovaci{\'o}n del texto y la cultura de la Constituci{\'o}n},
  journal = {Esquivel, Gerardo; Ibarra, Francisco; Salazar, Pedro: Cien Ensayos para el Centenario},
  year    = {2017},
  volume  = {4},
  pages   = {143--162},
}@Article{BUSTAMANTE2019,
  author  = {RAÚL CONTRERAS BUSTAMANTE},
  title   = {Legislación desmedida},
  journal = {Exelcior},
  year    = {2019},
  month   = may,
  note    = {https://www.excelsior.com.mx/opinion/raul-contreras-bustamante/legislacion-desmedida/1311026},
}@Article{Gallardo2020,
  author  = {Luis Cedeño Gallardo},
  title   = {Autonomía legislativa en el federalismo mexicano},
  journal = {nexos},
  year    = {2020},
  month   = jan,
  note    = {\url{https://federalismo.nexos.com.mx/2020/01/autonomia-legislativa-en-el-federalismo-mexicano/}},
}@Article{Risco2017,
  author  = {Javier Risco},
  title   = {Los malditos vacíos legales},
  journal = {El financiero},
  year    = {2017},
  note    = {\url{https://www.elfinanciero.com.mx/opinion/javier-risco/los-malditos-vacios-legales}},
}

@InProceedings{Shahmirzadi2019,
  author       = {Shahmirzadi, Omid and Lugowski, Adam and Younge, Kenneth},
  booktitle    = {2019 18th IEEE International Conference On Machine Learning And Applications (ICMLA)},
  title        = {Text similarity in vector space models: a comparative study},
  year         = {2019},
  organization = {IEEE},
  pages        = {659--666},
}

@Article{Arnarsson2021,
  author    = {Arnarsson, Ivar {\"O}rn and Frost, Otto and Gustavsson, Emil and Jirstrand, Mats and Malmqvist, Johan},
  journal   = {Concurrent Engineering},
  title     = {Natural language processing methods for knowledge management—Applying document clustering for fast search and grouping of engineering documents},
  year      = {2021},
  pages     = {1063293X20982973},
  publisher = {SAGE Publications Sage UK: London, England},
}

@InProceedings{Duan2021,
  author    = {Duan, Zhibin and Zhang, Hao and Wang, Chaojie and Wang, Zhengjue and Chen, Bo and Zhou, Mingyuan},
  booktitle = {Proceedings of the 59th Annual Meeting of the Association for Computational Linguistics and the 11th International Joint Conference on Natural Language Processing (Volume 1: Long Papers)},
  title     = {EnsLM: Ensemble language model for data diversity by semantic clustering},
  year      = {2021},
  pages     = {2954--2967},
}

@InProceedings{Hadifar2019,
  author    = {Hadifar, Amir and Sterckx, Lucas and Demeester, Thomas and Develder, Chris},
  booktitle = {Proceedings of the 4th Workshop on Representation Learning for NLP (RepL4NLP-2019)},
  title     = {A self-training approach for short text clustering},
  year      = {2019},
  pages     = {194--199},
}

@Article{PorrasZarate2021,
  author       = {Porras Zarate, Sergio and Porras Zarate, Iván and Rodríguez Hinojosa, Esperanza},
  journal      = {Inicio},
  title        = {La naturaleza de la norma jurídica en México},
  year         = {2021},
  month        = {abr.},
  number       = {1},
  pages        = {52–57},
  abstractnote = {&amp;lt;p&amp;gt;La norma jurídica es norma de conducta obligatoria y sancionada por el poder público. En México, país federal confluyen diversas leyes con ámbitos de competencia diferentes, hay leyes federales, estatales y municipales. Las leyes son producto de la función legislativa del Congreso y están constituidas por una manifestación de voluntad encaminadas a producir efectos de derecho, es decir la ley sustancialmente constituye un acto jurídico. &amp;amp;nbsp;Este articulo tiene como objetivo analizar la naturaleza de la norma jurídica en México en sus diferentes manifestaciones y los alcances de cada tipo de norma jurídica en nuestro país.&amp;lt;/p&amp;gt;},
  doi          = {10.32870/dfe.vi1 Enero-Junio 2014/Año 1.97},
  url          = {https://dfe.cucea.udg.mx/index.php/dfe/article/view/97},
}

@Comment{jabref-meta: databaseType:bibtex;}
